@online{
    neo4jvsinfogrid,
    author = {Richard Stallman},
    title = {Java Trap},
    year = {2004},
    url = {http://www.gnu.org/philosophy/java-trap.html},
}
@online{
    neo4jvsinfogrid,
    author = {Richard Stallman},
    title = {Java Trap},
    year = {2004},
    url = {http://www.gnu.org/philosophy/java-trap.html},
}
@online{
    neo4jvsinfogrid,
    author = {InfoGrid Team},
    title = {Neo4j and InfoGrid},
    year = {2009},
    url = {http://infogrid.org/blog/2009/10/neo4j-and-infogrid/},
}
@online{
    graphvsrelational,
    author = {Alekh Jindal},
    title = {Benchmarking Graph Databases},
    year = {2013},
    url = {http://istc-bigdata.org/index.php/benchmarking-graph-databases/},
}
@online{
    aboutGEDCOM,
    author = {Ryan Heaton},
    title = {About GEDCOM},
    year = {2014},
    url = {http://www.gedcomx.org/About.html},
}
@book{
    graphdbbook,
    author = {Robinson, Ian and Webber, Jim and Eifrem, Emil},
    title = {Graph Databases},
    year = {2013},
    isbn = {1449356265, 9781449356262},
    publisher = {O'Reilly Media, Inc.},
}
@book{
    neo4jinaction,
    title={Neo4j in action},
    author={Vukotic, Aleksa and Watt, Nicki and Abedrabbo, Tareq and Fox, Dominic and Partner, Jonas},
    year={2015},
    publisher={Manning}
}
