@online{javatrap,
    author = {Richard Stallman},
    title = {Java Trap},
    year = {2004},
    url = {http://www.gnu.org/philosophy/java-trap.html},
}
@online{neo4jvsinfogrid,
    author = {InfoGrid Team},
    title = {Neo4j and InfoGrid},
    year = {2009},
    url = {http://infogrid.org/blog/2009/10/neo4j-and-infogrid/},
}
@online{graphvsrelational,
    author = {Alekh Jindal},
    title = {Benchmarking Graph Databases},
    year = {2013},
    url = {http://istc-bigdata.org/index.php/benchmarking-graph-databases/},
}
@online{aboutGEDCOM,
    author = {Ryan Heaton},
    title = {About GEDCOM},
    year = {2014},
    url = {http://www.gedcomx.org/About.html},
}
@book{graphdbbook,
    author = {Robinson, Ian and Webber, Jim and Eifrem, Emil},
    title = {Graph Databases},
    year = {2013},
    isbn = {1449356265, 9781449356262},
    publisher = {O'Reilly Media, Inc.},
}
@book{neo4jinaction,
    title={Neo4j in action},
    author={Vukotic, Aleksa and Watt, Nicki and Abedrabbo, Tareq and Fox, Dominic and Partner, Jonas},
    year={2015},
    publisher={Manning}
}
@article{rodriguez2010graph,
  title={The graph traversal pattern},
  author={Rodriguez, Marko A and Neubauer, Peter},
  journal={arXiv preprint arXiv:1004.1001},
  year={2010}
}
@article{vlissides1995design,
  title={Design patterns: Elements of reusable object-oriented software},
  author={Vlissides, John and Helm, Richard and Johnson, Ralph and Gamma, Erich},
  journal={Reading: Addison-Wesley},
  volume={49},
  number={120},
  pages={11},
  year={1995}
}
@online{datafusion,
    author = {RelcyEngineering},
    title = {Data Fusion Algorithms},
    year = {2016},
    url = {https://medium.com/@RelcyEngineering/data-fusion-algorithms-8e6b6bc0efd8#.dm7k5qlqo},
}
@online{neo4jhyperedges,
    author = {Neo4j},
    title = {Hyperedges},
    year = {},
    url = {http://neo4j.com/docs/stable/cypher-cookbook-hyperedges.html},
}

}
@online{oauth2rfc,
    author = {Dick Hardt, Michael B. Jones},
    title = {The OAuth 2.0 Authorization Framework},
    year = {2012},
    url = {https://tools.ietf.org/html/rfc6749#section-6%20link},
}
