@online{aboutGEDCOM,
author = {Ryan Heaton},
title = {About GEDCOM},
year = {2014},
url = {http://www.gedcomx.org/About.html},
}

@book{graphdbbook,
 author = {Robinson, Ian and Webber, Jim and Eifrem, Emil},
 title = {Graph Databases},
 year = {2013},
 isbn = {1449356265, 9781449356262},
 publisher = {O'Reilly Media, Inc.},
}
